%YAML 1.1
%TAG !u! tag:unity3d.com,2011:
--- !u!29 &1
OcclusionCullingSettings:
  m_ObjectHideFlags: 0
  serializedVersion: 2
  m_OcclusionBakeSettings:
    smallestOccluder: 5
    smallestHole: 0.25
    backfaceThreshold: 100
  m_SceneGUID: 00000000000000000000000000000000
  m_OcclusionCullingData: {fileID: 0}
--- !u!104 &2
RenderSettings:
  m_ObjectHideFlags: 0
  serializedVersion: 9
  m_Fog: 0
  m_FogColor: {r: 0.5, g: 0.5, b: 0.5, a: 1}
  m_FogMode: 3
  m_FogDensity: 0.01
  m_LinearFogStart: 0
  m_LinearFogEnd: 300
  m_AmbientSkyColor: {r: 0.212, g: 0.227, b: 0.259, a: 1}
  m_AmbientEquatorColor: {r: 0.114, g: 0.125, b: 0.133, a: 1}
  m_AmbientGroundColor: {r: 0.047, g: 0.043, b: 0.035, a: 1}
  m_AmbientIntensity: 2
  m_AmbientMode: 0
  m_SubtractiveShadowColor: {r: 0.42, g: 0.478, b: 0.627, a: 1}
  m_SkyboxMaterial: {fileID: 2100000, guid: d1385980456cd2044b282d73625457db, type: 2}
  m_HaloStrength: 0.5
  m_FlareStrength: 1
  m_FlareFadeSpeed: 3
  m_HaloTexture: {fileID: 0}
  m_SpotCookie: {fileID: 10001, guid: 0000000000000000e000000000000000, type: 0}
  m_DefaultReflectionMode: 0
  m_DefaultReflectionResolution: 128
  m_ReflectionBounces: 1
  m_ReflectionIntensity: 1
  m_CustomReflection: {fileID: 0}
  m_Sun: {fileID: 0}
  m_IndirectSpecularColor: {r: 0.23586503, g: 0.2934001, b: 0.36355624, a: 1}
  m_UseRadianceAmbientProbe: 0
--- !u!157 &3
LightmapSettings:
  m_ObjectHideFlags: 0
  serializedVersion: 11
  m_GIWorkflowMode: 0
  m_GISettings:
    serializedVersion: 2
    m_BounceScale: 1
    m_IndirectOutputScale: 2
    m_AlbedoBoost: 1
    m_TemporalCoherenceThreshold: 1
    m_EnvironmentLightingMode: 0
    m_EnableBakedLightmaps: 1
    m_EnableRealtimeLightmaps: 0
  m_LightmapEditorSettings:
    serializedVersion: 10
    m_Resolution: 2
    m_BakeResolution: 10
    m_AtlasSize: 1024
    m_AO: 0
    m_AOMaxDistance: 1
    m_CompAOExponent: 1
    m_CompAOExponentDirect: 0
    m_Padding: 2
    m_LightmapParameters: {fileID: 0}
    m_LightmapsBakeMode: 1
    m_TextureCompression: 1
    m_FinalGather: 0
    m_FinalGatherFiltering: 1
    m_FinalGatherRayCount: 256
    m_ReflectionCompression: 2
    m_MixedBakeMode: 0
    m_BakeBackend: 1
    m_PVRSampling: 1
    m_PVRDirectSampleCount: 32
    m_PVRSampleCount: 500
    m_PVRBounces: 2
    m_PVRFilterTypeDirect: 0
    m_PVRFilterTypeIndirect: 0
    m_PVRFilterTypeAO: 0
    m_PVRFilteringMode: 1
    m_PVRCulling: 1
    m_PVRFilteringGaussRadiusDirect: 1
    m_PVRFilteringGaussRadiusIndirect: 5
    m_PVRFilteringGaussRadiusAO: 2
    m_PVRFilteringAtrousPositionSigmaDirect: 0.5
    m_PVRFilteringAtrousPositionSigmaIndirect: 2
    m_PVRFilteringAtrousPositionSigmaAO: 1
    m_ShowResolutionOverlay: 1
  m_LightingDataAsset: {fileID: 0}
  m_UseShadowmask: 0
--- !u!196 &4
NavMeshSettings:
  serializedVersion: 2
  m_ObjectHideFlags: 0
  m_BuildSettings:
    serializedVersion: 2
    agentTypeID: 0
    agentRadius: 0.5
    agentHeight: 2
    agentSlope: 45
    agentClimb: 0.4
    ledgeDropHeight: 0
    maxJumpAcrossDistance: 0
    minRegionArea: 2
    manualCellSize: 0
    cellSize: 0.16666667
    manualTileSize: 0
    tileSize: 256
    accuratePlacement: 0
    debug:
      m_Flags: 0
  m_NavMeshData: {fileID: 0}
--- !u!1001 &25230534
Prefab:
  m_ObjectHideFlags: 0
  serializedVersion: 2
  m_Modification:
    m_TransformParent: {fileID: 827835520}
    m_Modifications:
    - target: {fileID: 4196278371253528, guid: a53fe34087284794dbe0aad895670634, type: 2}
      propertyPath: m_LocalPosition.x
      value: -10.5
      objectReference: {fileID: 0}
    - target: {fileID: 4196278371253528, guid: a53fe34087284794dbe0aad895670634, type: 2}
      propertyPath: m_LocalPosition.y
      value: 0.5
      objectReference: {fileID: 0}
    - target: {fileID: 4196278371253528, guid: a53fe34087284794dbe0aad895670634, type: 2}
      propertyPath: m_LocalPosition.z
      value: 0.5
      objectReference: {fileID: 0}
    - target: {fileID: 4196278371253528, guid: a53fe34087284794dbe0aad895670634, type: 2}
      propertyPath: m_LocalRotation.x
      value: 0
      objectReference: {fileID: 0}
    - target: {fileID: 4196278371253528, guid: a53fe34087284794dbe0aad895670634, type: 2}
      propertyPath: m_LocalRotation.y
      value: 1
      objectReference: {fileID: 0}
    - target: {fileID: 4196278371253528, guid: a53fe34087284794dbe0aad895670634, type: 2}
      propertyPath: m_LocalRotation.z
      value: 0
      objectReference: {fileID: 0}
    - target: {fileID: 4196278371253528, guid: a53fe34087284794dbe0aad895670634, type: 2}
      propertyPath: m_LocalRotation.w
      value: 0
      objectReference: {fileID: 0}
    - target: {fileID: 4196278371253528, guid: a53fe34087284794dbe0aad895670634, type: 2}
      propertyPath: m_RootOrder
      value: 10
      objectReference: {fileID: 0}
    - target: {fileID: 1000742671741720, guid: a53fe34087284794dbe0aad895670634, type: 2}
      propertyPath: m_StaticEditorFlags
      value: 4294967295
      objectReference: {fileID: 0}
    - target: {fileID: 1343226056958070, guid: a53fe34087284794dbe0aad895670634, type: 2}
      propertyPath: m_StaticEditorFlags
      value: 4294967295
      objectReference: {fileID: 0}
    - target: {fileID: 1584675678889804, guid: a53fe34087284794dbe0aad895670634, type: 2}
      propertyPath: m_StaticEditorFlags
      value: 4294967295
      objectReference: {fileID: 0}
    - target: {fileID: 1000742671741720, guid: a53fe34087284794dbe0aad895670634, type: 2}
      propertyPath: m_Name
      value: EndWall (1)
      objectReference: {fileID: 0}
    - target: {fileID: 4196278371253528, guid: a53fe34087284794dbe0aad895670634, type: 2}
      propertyPath: m_LocalEulerAnglesHint.y
      value: 180
      objectReference: {fileID: 0}
    m_RemovedComponents: []
  m_SourcePrefab: {fileID: 100100000, guid: a53fe34087284794dbe0aad895670634, type: 2}
  m_IsPrefabAsset: 0
--- !u!1001 &154251041
Prefab:
  m_ObjectHideFlags: 0
  serializedVersion: 2
  m_Modification:
    m_TransformParent: {fileID: 827835520}
    m_Modifications:
    - target: {fileID: 4196278371253528, guid: a53fe34087284794dbe0aad895670634, type: 2}
      propertyPath: m_LocalPosition.x
      value: 10.5
      objectReference: {fileID: 0}
    - target: {fileID: 4196278371253528, guid: a53fe34087284794dbe0aad895670634, type: 2}
      propertyPath: m_LocalPosition.y
      value: 0.5
      objectReference: {fileID: 0}
    - target: {fileID: 4196278371253528, guid: a53fe34087284794dbe0aad895670634, type: 2}
      propertyPath: m_LocalPosition.z
      value: -0.5
      objectReference: {fileID: 0}
    - target: {fileID: 4196278371253528, guid: a53fe34087284794dbe0aad895670634, type: 2}
      propertyPath: m_LocalRotation.x
      value: 0
      objectReference: {fileID: 0}
    - target: {fileID: 4196278371253528, guid: a53fe34087284794dbe0aad895670634, type: 2}
      propertyPath: m_LocalRotation.y
      value: 0
      objectReference: {fileID: 0}
    - target: {fileID: 4196278371253528, guid: a53fe34087284794dbe0aad895670634, type: 2}
      propertyPath: m_LocalRotation.z
      value: 0
      objectReference: {fileID: 0}
    - target: {fileID: 4196278371253528, guid: a53fe34087284794dbe0aad895670634, type: 2}
      propertyPath: m_LocalRotation.w
      value: 1
      objectReference: {fileID: 0}
    - target: {fileID: 4196278371253528, guid: a53fe34087284794dbe0aad895670634, type: 2}
      propertyPath: m_RootOrder
      value: 9
      objectReference: {fileID: 0}
    - target: {fileID: 1000742671741720, guid: a53fe34087284794dbe0aad895670634, type: 2}
      propertyPath: m_StaticEditorFlags
      value: 4294967295
      objectReference: {fileID: 0}
    - target: {fileID: 1343226056958070, guid: a53fe34087284794dbe0aad895670634, type: 2}
      propertyPath: m_StaticEditorFlags
      value: 4294967295
      objectReference: {fileID: 0}
    - target: {fileID: 1584675678889804, guid: a53fe34087284794dbe0aad895670634, type: 2}
      propertyPath: m_StaticEditorFlags
      value: 4294967295
      objectReference: {fileID: 0}
    m_RemovedComponents: []
  m_SourcePrefab: {fileID: 100100000, guid: a53fe34087284794dbe0aad895670634, type: 2}
  m_IsPrefabAsset: 0
--- !u!4 &154251042 stripped
Transform:
  m_CorrespondingSourceObject: {fileID: 4196278371253528, guid: a53fe34087284794dbe0aad895670634,
    type: 2}
  m_PrefabInternal: {fileID: 154251041}
--- !u!1 &234074949 stripped
GameObject:
  m_CorrespondingSourceObject: {fileID: 1343226056958070, guid: a53fe34087284794dbe0aad895670634,
    type: 2}
  m_PrefabInternal: {fileID: 1575730021}
--- !u!64 &234074953
MeshCollider:
  m_ObjectHideFlags: 0
  m_CorrespondingSourceObject: {fileID: 0}
  m_PrefabInternal: {fileID: 0}
  m_GameObject: {fileID: 234074949}
  m_Material: {fileID: 0}
  m_IsTrigger: 0
  m_Enabled: 1
  serializedVersion: 3
  m_Convex: 0
  m_CookingOptions: 14
  m_SkinWidth: 0.01
  m_Mesh: {fileID: 4300000, guid: 18f35b9d268a5e2418ed0f7628c2d86d, type: 3}
--- !u!1001 &291375484
Prefab:
  m_ObjectHideFlags: 0
  serializedVersion: 2
  m_Modification:
    m_TransformParent: {fileID: 827835520}
    m_Modifications:
    - target: {fileID: 4429374444435612, guid: 4a71a58a3a7116c4a8aabbf8699066aa, type: 2}
      propertyPath: m_LocalPosition.x
      value: 0
      objectReference: {fileID: 0}
    - target: {fileID: 4429374444435612, guid: 4a71a58a3a7116c4a8aabbf8699066aa, type: 2}
      propertyPath: m_LocalPosition.y
      value: 2.5
      objectReference: {fileID: 0}
    - target: {fileID: 4429374444435612, guid: 4a71a58a3a7116c4a8aabbf8699066aa, type: 2}
      propertyPath: m_LocalPosition.z
      value: 0
      objectReference: {fileID: 0}
    - target: {fileID: 4429374444435612, guid: 4a71a58a3a7116c4a8aabbf8699066aa, type: 2}
      propertyPath: m_LocalRotation.x
      value: -0
      objectReference: {fileID: 0}
    - target: {fileID: 4429374444435612, guid: 4a71a58a3a7116c4a8aabbf8699066aa, type: 2}
      propertyPath: m_LocalRotation.y
      value: -0
      objectReference: {fileID: 0}
    - target: {fileID: 4429374444435612, guid: 4a71a58a3a7116c4a8aabbf8699066aa, type: 2}
      propertyPath: m_LocalRotation.z
      value: -0
      objectReference: {fileID: 0}
    - target: {fileID: 4429374444435612, guid: 4a71a58a3a7116c4a8aabbf8699066aa, type: 2}
      propertyPath: m_LocalRotation.w
      value: 1
      objectReference: {fileID: 0}
    - target: {fileID: 4429374444435612, guid: 4a71a58a3a7116c4a8aabbf8699066aa, type: 2}
      propertyPath: m_RootOrder
      value: 0
      objectReference: {fileID: 0}
    - target: {fileID: 1951216863029222, guid: 4a71a58a3a7116c4a8aabbf8699066aa, type: 2}
      propertyPath: m_StaticEditorFlags
      value: 4294967295
      objectReference: {fileID: 0}
    m_RemovedComponents: []
  m_SourcePrefab: {fileID: 100100000, guid: 4a71a58a3a7116c4a8aabbf8699066aa, type: 2}
  m_IsPrefabAsset: 0
--- !u!4 &291375485 stripped
Transform:
  m_CorrespondingSourceObject: {fileID: 4429374444435612, guid: 4a71a58a3a7116c4a8aabbf8699066aa,
    type: 2}
  m_PrefabInternal: {fileID: 291375484}
--- !u!1001 &395118678
Prefab:
  m_ObjectHideFlags: 0
  serializedVersion: 2
  m_Modification:
    m_TransformParent: {fileID: 827835520}
    m_Modifications:
    - target: {fileID: 4022412610534352, guid: d40e6ae8e2813774882bcaf23d9a9cd6, type: 2}
      propertyPath: m_LocalPosition.x
      value: 0
      objectReference: {fileID: 0}
    - target: {fileID: 4022412610534352, guid: d40e6ae8e2813774882bcaf23d9a9cd6, type: 2}
      propertyPath: m_LocalPosition.y
      value: 2.5
      objectReference: {fileID: 0}
    - target: {fileID: 4022412610534352, guid: d40e6ae8e2813774882bcaf23d9a9cd6, type: 2}
      propertyPath: m_LocalPosition.z
      value: -5
      objectReference: {fileID: 0}
    - target: {fileID: 4022412610534352, guid: d40e6ae8e2813774882bcaf23d9a9cd6, type: 2}
      propertyPath: m_LocalRotation.x
      value: -0
      objectReference: {fileID: 0}
    - target: {fileID: 4022412610534352, guid: d40e6ae8e2813774882bcaf23d9a9cd6, type: 2}
      propertyPath: m_LocalRotation.y
      value: 0.7071068
      objectReference: {fileID: 0}
    - target: {fileID: 4022412610534352, guid: d40e6ae8e2813774882bcaf23d9a9cd6, type: 2}
      propertyPath: m_LocalRotation.z
      value: -0
      objectReference: {fileID: 0}
    - target: {fileID: 4022412610534352, guid: d40e6ae8e2813774882bcaf23d9a9cd6, type: 2}
      propertyPath: m_LocalRotation.w
      value: 0.7071068
      objectReference: {fileID: 0}
    - target: {fileID: 4022412610534352, guid: d40e6ae8e2813774882bcaf23d9a9cd6, type: 2}
      propertyPath: m_RootOrder
      value: 2
      objectReference: {fileID: 0}
    - target: {fileID: 1228098452509708, guid: d40e6ae8e2813774882bcaf23d9a9cd6, type: 2}
      propertyPath: m_Name
      value: Stairs
      objectReference: {fileID: 0}
    - target: {fileID: 4022412610534352, guid: d40e6ae8e2813774882bcaf23d9a9cd6, type: 2}
      propertyPath: m_LocalEulerAnglesHint.y
      value: 90
      objectReference: {fileID: 0}
    - target: {fileID: 4022412610534352, guid: d40e6ae8e2813774882bcaf23d9a9cd6, type: 2}
      propertyPath: m_LocalScale.x
      value: 1
      objectReference: {fileID: 0}
    - target: {fileID: 4022412610534352, guid: d40e6ae8e2813774882bcaf23d9a9cd6, type: 2}
      propertyPath: m_LocalScale.z
      value: 1
      objectReference: {fileID: 0}
    - target: {fileID: 1228098452509708, guid: d40e6ae8e2813774882bcaf23d9a9cd6, type: 2}
      propertyPath: m_StaticEditorFlags
      value: 4294967295
      objectReference: {fileID: 0}
    m_RemovedComponents: []
  m_SourcePrefab: {fileID: 100100000, guid: d40e6ae8e2813774882bcaf23d9a9cd6, type: 2}
  m_IsPrefabAsset: 0
--- !u!4 &395118679 stripped
Transform:
  m_CorrespondingSourceObject: {fileID: 4022412610534352, guid: d40e6ae8e2813774882bcaf23d9a9cd6,
    type: 2}
  m_PrefabInternal: {fileID: 395118678}
--- !u!1 &565187747 stripped
GameObject:
  m_CorrespondingSourceObject: {fileID: 1343226056958070, guid: a53fe34087284794dbe0aad895670634,
    type: 2}
  m_PrefabInternal: {fileID: 25230534}
--- !u!64 &565187751
MeshCollider:
  m_ObjectHideFlags: 0
  m_CorrespondingSourceObject: {fileID: 0}
  m_PrefabInternal: {fileID: 0}
  m_GameObject: {fileID: 565187747}
  m_Material: {fileID: 0}
  m_IsTrigger: 0
  m_Enabled: 1
  serializedVersion: 3
  m_Convex: 0
  m_CookingOptions: 14
  m_SkinWidth: 0.01
  m_Mesh: {fileID: 4300000, guid: 18f35b9d268a5e2418ed0f7628c2d86d, type: 3}
--- !u!4 &576732288 stripped
Transform:
  m_CorrespondingSourceObject: {fileID: 4196278371253528, guid: a53fe34087284794dbe0aad895670634,
    type: 2}
  m_PrefabInternal: {fileID: 1575730021}
--- !u!1001 &772925837
Prefab:
  m_ObjectHideFlags: 0
  serializedVersion: 2
  m_Modification:
    m_TransformParent: {fileID: 827835520}
    m_Modifications:
    - target: {fileID: 4196278371253528, guid: a53fe34087284794dbe0aad895670634, type: 2}
      propertyPath: m_LocalPosition.x
      value: 0.5
      objectReference: {fileID: 0}
    - target: {fileID: 4196278371253528, guid: a53fe34087284794dbe0aad895670634, type: 2}
      propertyPath: m_LocalPosition.y
      value: 0.5
      objectReference: {fileID: 0}
    - target: {fileID: 4196278371253528, guid: a53fe34087284794dbe0aad895670634, type: 2}
      propertyPath: m_LocalPosition.z
      value: 10.5
      objectReference: {fileID: 0}
    - target: {fileID: 4196278371253528, guid: a53fe34087284794dbe0aad895670634, type: 2}
      propertyPath: m_LocalRotation.x
      value: 0
      objectReference: {fileID: 0}
    - target: {fileID: 4196278371253528, guid: a53fe34087284794dbe0aad895670634, type: 2}
      propertyPath: m_LocalRotation.y
      value: -0.7071068
      objectReference: {fileID: 0}
    - target: {fileID: 4196278371253528, guid: a53fe34087284794dbe0aad895670634, type: 2}
      propertyPath: m_LocalRotation.z
      value: 0
      objectReference: {fileID: 0}
    - target: {fileID: 4196278371253528, guid: a53fe34087284794dbe0aad895670634, type: 2}
      propertyPath: m_LocalRotation.w
      value: 0.7071068
      objectReference: {fileID: 0}
    - target: {fileID: 4196278371253528, guid: a53fe34087284794dbe0aad895670634, type: 2}
      propertyPath: m_RootOrder
      value: 12
      objectReference: {fileID: 0}
    - target: {fileID: 1000742671741720, guid: a53fe34087284794dbe0aad895670634, type: 2}
      propertyPath: m_StaticEditorFlags
      value: 4294967295
      objectReference: {fileID: 0}
    - target: {fileID: 1343226056958070, guid: a53fe34087284794dbe0aad895670634, type: 2}
      propertyPath: m_StaticEditorFlags
      value: 4294967295
      objectReference: {fileID: 0}
    - target: {fileID: 1584675678889804, guid: a53fe34087284794dbe0aad895670634, type: 2}
      propertyPath: m_StaticEditorFlags
      value: 4294967295
      objectReference: {fileID: 0}
    - target: {fileID: 1000742671741720, guid: a53fe34087284794dbe0aad895670634, type: 2}
      propertyPath: m_Name
      value: EndWall (3)
      objectReference: {fileID: 0}
    - target: {fileID: 4196278371253528, guid: a53fe34087284794dbe0aad895670634, type: 2}
      propertyPath: m_LocalEulerAnglesHint.y
      value: -90
      objectReference: {fileID: 0}
    - target: {fileID: 4196278371253528, guid: a53fe34087284794dbe0aad895670634, type: 2}
      propertyPath: m_LocalScale.x
      value: 1.0000005
      objectReference: {fileID: 0}
    - target: {fileID: 4196278371253528, guid: a53fe34087284794dbe0aad895670634, type: 2}
      propertyPath: m_LocalScale.z
      value: 1.0000005
      objectReference: {fileID: 0}
    m_RemovedComponents: []
  m_SourcePrefab: {fileID: 100100000, guid: a53fe34087284794dbe0aad895670634, type: 2}
  m_IsPrefabAsset: 0
--- !u!4 &826925644 stripped
Transform:
  m_CorrespondingSourceObject: {fileID: 4196278371253528, guid: a53fe34087284794dbe0aad895670634,
    type: 2}
  m_PrefabInternal: {fileID: 25230534}
--- !u!1 &827835519
GameObject:
  m_ObjectHideFlags: 0
  m_CorrespondingSourceObject: {fileID: 0}
  m_PrefabInternal: {fileID: 0}
  serializedVersion: 6
  m_Component:
  - component: {fileID: 827835520}
  m_Layer: 0
  m_Name: Environment
  m_TagString: Untagged
  m_Icon: {fileID: 0}
  m_NavMeshLayer: 0
  m_StaticEditorFlags: 4294967295
  m_IsActive: 1
--- !u!4 &827835520
Transform:
  m_ObjectHideFlags: 0
  m_CorrespondingSourceObject: {fileID: 0}
  m_PrefabInternal: {fileID: 0}
  m_GameObject: {fileID: 827835519}
  m_LocalRotation: {x: 0, y: 0, z: 0, w: 1}
  m_LocalPosition: {x: 0, y: 0, z: 0}
  m_LocalScale: {x: 1, y: 1, z: 1}
  m_Children:
  - {fileID: 291375485}
  - {fileID: 1475270477}
  - {fileID: 395118679}
  - {fileID: 1231506084}
  - {fileID: 1658505445}
  - {fileID: 1489961753}
  - {fileID: 1944031003}
  - {fileID: 1788684501}
  - {fileID: 1954320799}
  - {fileID: 154251042}
  - {fileID: 826925644}
  - {fileID: 576732288}
  - {fileID: 1662594358}
  m_Father: {fileID: 0}
  m_RootOrder: 2
  m_LocalEulerAnglesHint: {x: 0, y: 0, z: 0}
--- !u!1 &1011966813 stripped
GameObject:
  m_CorrespondingSourceObject: {fileID: 1343226056958070, guid: a53fe34087284794dbe0aad895670634,
    type: 2}
  m_PrefabInternal: {fileID: 154251041}
--- !u!64 &1011966817
MeshCollider:
  m_ObjectHideFlags: 0
  m_CorrespondingSourceObject: {fileID: 0}
  m_PrefabInternal: {fileID: 0}
  m_GameObject: {fileID: 1011966813}
  m_Material: {fileID: 0}
  m_IsTrigger: 0
  m_Enabled: 1
  serializedVersion: 3
  m_Convex: 0
  m_CookingOptions: 14
  m_SkinWidth: 0.01
  m_Mesh: {fileID: 4300000, guid: 18f35b9d268a5e2418ed0f7628c2d86d, type: 3}
--- !u!1 &1149960518
GameObject:
  m_ObjectHideFlags: 0
  m_CorrespondingSourceObject: {fileID: 0}
  m_PrefabInternal: {fileID: 0}
  serializedVersion: 6
  m_Component:
  - component: {fileID: 1149960520}
  - component: {fileID: 1149960519}
  m_Layer: 0
  m_Name: Directional Light
  m_TagString: Untagged
  m_Icon: {fileID: 0}
  m_NavMeshLayer: 0
  m_StaticEditorFlags: 0
  m_IsActive: 1
--- !u!108 &1149960519
Light:
  m_ObjectHideFlags: 0
  m_CorrespondingSourceObject: {fileID: 0}
  m_PrefabInternal: {fileID: 0}
  m_GameObject: {fileID: 1149960518}
  m_Enabled: 1
  serializedVersion: 8
  m_Type: 1
  m_Color: {r: 1, g: 1, b: 1, a: 1}
  m_Intensity: 1.25
  m_Range: 10
  m_SpotAngle: 30
  m_CookieSize: 10
  m_Shadows:
    m_Type: 2
    m_Resolution: -1
    m_CustomResolution: -1
    m_Strength: 1
    m_Bias: 0.05
    m_NormalBias: 0.4
    m_NearPlane: 0.2
  m_Cookie: {fileID: 0}
  m_DrawHalo: 0
  m_Flare: {fileID: 0}
  m_RenderMode: 0
  m_CullingMask:
    serializedVersion: 2
    m_Bits: 4294967295
  m_Lightmapping: 1
  m_LightShadowCasterMode: 0
  m_AreaSize: {x: 1, y: 1}
  m_BounceIntensity: 2
  m_ColorTemperature: 6570
  m_UseColorTemperature: 0
  m_ShadowRadius: 0
  m_ShadowAngle: 0
--- !u!4 &1149960520
Transform:
  m_ObjectHideFlags: 0
  m_CorrespondingSourceObject: {fileID: 0}
  m_PrefabInternal: {fileID: 0}
  m_GameObject: {fileID: 1149960518}
  m_LocalRotation: {x: 0.40821788, y: -0.23456968, z: 0.10938163, w: 0.8754261}
  m_LocalPosition: {x: 0, y: 3, z: 0}
  m_LocalScale: {x: 1, y: 1, z: 1}
  m_Children: []
  m_Father: {fileID: 0}
  m_RootOrder: 0
  m_LocalEulerAnglesHint: {x: 50, y: -30, z: 0}
--- !u!1001 &1231506083
Prefab:
  m_ObjectHideFlags: 0
  serializedVersion: 2
  m_Modification:
    m_TransformParent: {fileID: 827835520}
    m_Modifications:
    - target: {fileID: 4022412610534352, guid: d40e6ae8e2813774882bcaf23d9a9cd6, type: 2}
      propertyPath: m_LocalPosition.x
      value: 0
      objectReference: {fileID: 0}
    - target: {fileID: 4022412610534352, guid: d40e6ae8e2813774882bcaf23d9a9cd6, type: 2}
      propertyPath: m_LocalPosition.y
      value: 2.5
      objectReference: {fileID: 0}
    - target: {fileID: 4022412610534352, guid: d40e6ae8e2813774882bcaf23d9a9cd6, type: 2}
      propertyPath: m_LocalPosition.z
      value: 5
      objectReference: {fileID: 0}
    - target: {fileID: 4022412610534352, guid: d40e6ae8e2813774882bcaf23d9a9cd6, type: 2}
      propertyPath: m_LocalRotation.x
      value: -0
      objectReference: {fileID: 0}
    - target: {fileID: 4022412610534352, guid: d40e6ae8e2813774882bcaf23d9a9cd6, type: 2}
      propertyPath: m_LocalRotation.y
      value: -0.7071068
      objectReference: {fileID: 0}
    - target: {fileID: 4022412610534352, guid: d40e6ae8e2813774882bcaf23d9a9cd6, type: 2}
      propertyPath: m_LocalRotation.z
      value: -0
      objectReference: {fileID: 0}
    - target: {fileID: 4022412610534352, guid: d40e6ae8e2813774882bcaf23d9a9cd6, type: 2}
      propertyPath: m_LocalRotation.w
      value: 0.7071068
      objectReference: {fileID: 0}
    - target: {fileID: 4022412610534352, guid: d40e6ae8e2813774882bcaf23d9a9cd6, type: 2}
      propertyPath: m_RootOrder
      value: 3
      objectReference: {fileID: 0}
    - target: {fileID: 1228098452509708, guid: d40e6ae8e2813774882bcaf23d9a9cd6, type: 2}
      propertyPath: m_Name
      value: Stairs
      objectReference: {fileID: 0}
    - target: {fileID: 4022412610534352, guid: d40e6ae8e2813774882bcaf23d9a9cd6, type: 2}
      propertyPath: m_LocalEulerAnglesHint.y
      value: -90
      objectReference: {fileID: 0}
    - target: {fileID: 4022412610534352, guid: d40e6ae8e2813774882bcaf23d9a9cd6, type: 2}
      propertyPath: m_LocalScale.x
      value: 1
      objectReference: {fileID: 0}
    - target: {fileID: 4022412610534352, guid: d40e6ae8e2813774882bcaf23d9a9cd6, type: 2}
      propertyPath: m_LocalScale.z
      value: 1
      objectReference: {fileID: 0}
    - target: {fileID: 1228098452509708, guid: d40e6ae8e2813774882bcaf23d9a9cd6, type: 2}
      propertyPath: m_StaticEditorFlags
      value: 4294967295
      objectReference: {fileID: 0}
    m_RemovedComponents: []
  m_SourcePrefab: {fileID: 100100000, guid: d40e6ae8e2813774882bcaf23d9a9cd6, type: 2}
  m_IsPrefabAsset: 0
--- !u!4 &1231506084 stripped
Transform:
  m_CorrespondingSourceObject: {fileID: 4022412610534352, guid: d40e6ae8e2813774882bcaf23d9a9cd6,
    type: 2}
  m_PrefabInternal: {fileID: 1231506083}
--- !u!1001 &1475270476
Prefab:
  m_ObjectHideFlags: 0
  serializedVersion: 2
  m_Modification:
    m_TransformParent: {fileID: 827835520}
    m_Modifications:
    - target: {fileID: 4022412610534352, guid: d40e6ae8e2813774882bcaf23d9a9cd6, type: 2}
      propertyPath: m_LocalPosition.x
      value: 5
      objectReference: {fileID: 0}
    - target: {fileID: 4022412610534352, guid: d40e6ae8e2813774882bcaf23d9a9cd6, type: 2}
      propertyPath: m_LocalPosition.y
      value: 2.5
      objectReference: {fileID: 0}
    - target: {fileID: 4022412610534352, guid: d40e6ae8e2813774882bcaf23d9a9cd6, type: 2}
      propertyPath: m_LocalPosition.z
      value: 0
      objectReference: {fileID: 0}
    - target: {fileID: 4022412610534352, guid: d40e6ae8e2813774882bcaf23d9a9cd6, type: 2}
      propertyPath: m_LocalRotation.x
      value: -0
      objectReference: {fileID: 0}
    - target: {fileID: 4022412610534352, guid: d40e6ae8e2813774882bcaf23d9a9cd6, type: 2}
      propertyPath: m_LocalRotation.y
      value: -0
      objectReference: {fileID: 0}
    - target: {fileID: 4022412610534352, guid: d40e6ae8e2813774882bcaf23d9a9cd6, type: 2}
      propertyPath: m_LocalRotation.z
      value: -0
      objectReference: {fileID: 0}
    - target: {fileID: 4022412610534352, guid: d40e6ae8e2813774882bcaf23d9a9cd6, type: 2}
      propertyPath: m_LocalRotation.w
      value: 1
      objectReference: {fileID: 0}
    - target: {fileID: 4022412610534352, guid: d40e6ae8e2813774882bcaf23d9a9cd6, type: 2}
      propertyPath: m_RootOrder
      value: 1
      objectReference: {fileID: 0}
    - target: {fileID: 1228098452509708, guid: d40e6ae8e2813774882bcaf23d9a9cd6, type: 2}
      propertyPath: m_StaticEditorFlags
      value: 4294967295
      objectReference: {fileID: 0}
    m_RemovedComponents: []
  m_SourcePrefab: {fileID: 100100000, guid: d40e6ae8e2813774882bcaf23d9a9cd6, type: 2}
  m_IsPrefabAsset: 0
--- !u!4 &1475270477 stripped
Transform:
  m_CorrespondingSourceObject: {fileID: 4022412610534352, guid: d40e6ae8e2813774882bcaf23d9a9cd6,
    type: 2}
  m_PrefabInternal: {fileID: 1475270476}
--- !u!1 &1479908733
GameObject:
  m_ObjectHideFlags: 0
  m_CorrespondingSourceObject: {fileID: 0}
  m_PrefabInternal: {fileID: 0}
  serializedVersion: 6
  m_Component:
  - component: {fileID: 1479908734}
  m_Layer: 0
  m_Name: Effect
  m_TagString: Untagged
  m_Icon: {fileID: 0}
  m_NavMeshLayer: 0
  m_StaticEditorFlags: 0
  m_IsActive: 1
--- !u!4 &1479908734
Transform:
  m_ObjectHideFlags: 0
  m_CorrespondingSourceObject: {fileID: 0}
  m_PrefabInternal: {fileID: 0}
  m_GameObject: {fileID: 1479908733}
  m_LocalRotation: {x: 0, y: 0, z: 0, w: 1}
  m_LocalPosition: {x: 0, y: 4, z: 0}
  m_LocalScale: {x: 1, y: 1, z: 1}
  m_Children: []
  m_Father: {fileID: 0}
  m_RootOrder: 3
  m_LocalEulerAnglesHint: {x: 0, y: 0, z: 0}
--- !u!1001 &1489961752
Prefab:
  m_ObjectHideFlags: 0
  serializedVersion: 2
  m_Modification:
    m_TransformParent: {fileID: 827835520}
    m_Modifications:
    - target: {fileID: 4291444456802584, guid: 21617474d5ac06548b6020406dbe6e6b, type: 2}
      propertyPath: m_LocalPosition.x
      value: -3.5
      objectReference: {fileID: 0}
    - target: {fileID: 4291444456802584, guid: 21617474d5ac06548b6020406dbe6e6b, type: 2}
      propertyPath: m_LocalPosition.y
      value: 0.5
      objectReference: {fileID: 0}
    - target: {fileID: 4291444456802584, guid: 21617474d5ac06548b6020406dbe6e6b, type: 2}
      propertyPath: m_LocalPosition.z
      value: -3.5
      objectReference: {fileID: 0}
    - target: {fileID: 4291444456802584, guid: 21617474d5ac06548b6020406dbe6e6b, type: 2}
      propertyPath: m_LocalRotation.x
      value: 0
      objectReference: {fileID: 0}
    - target: {fileID: 4291444456802584, guid: 21617474d5ac06548b6020406dbe6e6b, type: 2}
      propertyPath: m_LocalRotation.y
      value: 0.7071068
      objectReference: {fileID: 0}
    - target: {fileID: 4291444456802584, guid: 21617474d5ac06548b6020406dbe6e6b, type: 2}
      propertyPath: m_LocalRotation.z
      value: 0
      objectReference: {fileID: 0}
    - target: {fileID: 4291444456802584, guid: 21617474d5ac06548b6020406dbe6e6b, type: 2}
      propertyPath: m_LocalRotation.w
      value: 0.7071068
      objectReference: {fileID: 0}
    - target: {fileID: 4291444456802584, guid: 21617474d5ac06548b6020406dbe6e6b, type: 2}
      propertyPath: m_RootOrder
      value: 5
      objectReference: {fileID: 0}
    - target: {fileID: 4291444456802584, guid: 21617474d5ac06548b6020406dbe6e6b, type: 2}
      propertyPath: m_LocalEulerAnglesHint.y
      value: 90
      objectReference: {fileID: 0}
    - target: {fileID: 1029230104914618, guid: 21617474d5ac06548b6020406dbe6e6b, type: 2}
      propertyPath: m_StaticEditorFlags
      value: 4294967295
      objectReference: {fileID: 0}
    - target: {fileID: 1179116361292224, guid: 21617474d5ac06548b6020406dbe6e6b, type: 2}
      propertyPath: m_StaticEditorFlags
      value: 4294967295
      objectReference: {fileID: 0}
    - target: {fileID: 1670752068961550, guid: 21617474d5ac06548b6020406dbe6e6b, type: 2}
      propertyPath: m_StaticEditorFlags
      value: 4294967295
      objectReference: {fileID: 0}
    - target: {fileID: 1138520995389850, guid: 21617474d5ac06548b6020406dbe6e6b, type: 2}
      propertyPath: m_StaticEditorFlags
      value: 4294967295
      objectReference: {fileID: 0}
    - target: {fileID: 1871581653272458, guid: 21617474d5ac06548b6020406dbe6e6b, type: 2}
      propertyPath: m_StaticEditorFlags
      value: 4294967295
      objectReference: {fileID: 0}
    m_RemovedComponents: []
  m_SourcePrefab: {fileID: 100100000, guid: 21617474d5ac06548b6020406dbe6e6b, type: 2}
  m_IsPrefabAsset: 0
--- !u!4 &1489961753 stripped
Transform:
  m_CorrespondingSourceObject: {fileID: 4291444456802584, guid: 21617474d5ac06548b6020406dbe6e6b,
    type: 2}
  m_PrefabInternal: {fileID: 1489961752}
--- !u!1001 &1575730021
Prefab:
  m_ObjectHideFlags: 0
  serializedVersion: 2
  m_Modification:
    m_TransformParent: {fileID: 827835520}
    m_Modifications:
    - target: {fileID: 4196278371253528, guid: a53fe34087284794dbe0aad895670634, type: 2}
      propertyPath: m_LocalPosition.x
      value: -0.5
      objectReference: {fileID: 0}
    - target: {fileID: 4196278371253528, guid: a53fe34087284794dbe0aad895670634, type: 2}
      propertyPath: m_LocalPosition.y
      value: 0.5
      objectReference: {fileID: 0}
    - target: {fileID: 4196278371253528, guid: a53fe34087284794dbe0aad895670634, type: 2}
      propertyPath: m_LocalPosition.z
      value: -10.5
      objectReference: {fileID: 0}
    - target: {fileID: 4196278371253528, guid: a53fe34087284794dbe0aad895670634, type: 2}
      propertyPath: m_LocalRotation.x
      value: 0
      objectReference: {fileID: 0}
    - target: {fileID: 4196278371253528, guid: a53fe34087284794dbe0aad895670634, type: 2}
      propertyPath: m_LocalRotation.y
      value: 0.7071068
      objectReference: {fileID: 0}
    - target: {fileID: 4196278371253528, guid: a53fe34087284794dbe0aad895670634, type: 2}
      propertyPath: m_LocalRotation.z
      value: 0
      objectReference: {fileID: 0}
    - target: {fileID: 4196278371253528, guid: a53fe34087284794dbe0aad895670634, type: 2}
      propertyPath: m_LocalRotation.w
      value: 0.7071068
      objectReference: {fileID: 0}
    - target: {fileID: 4196278371253528, guid: a53fe34087284794dbe0aad895670634, type: 2}
      propertyPath: m_RootOrder
      value: 11
      objectReference: {fileID: 0}
    - target: {fileID: 1000742671741720, guid: a53fe34087284794dbe0aad895670634, type: 2}
      propertyPath: m_StaticEditorFlags
      value: 4294967295
      objectReference: {fileID: 0}
    - target: {fileID: 1343226056958070, guid: a53fe34087284794dbe0aad895670634, type: 2}
      propertyPath: m_StaticEditorFlags
      value: 4294967295
      objectReference: {fileID: 0}
    - target: {fileID: 1584675678889804, guid: a53fe34087284794dbe0aad895670634, type: 2}
      propertyPath: m_StaticEditorFlags
      value: 4294967295
      objectReference: {fileID: 0}
    - target: {fileID: 1000742671741720, guid: a53fe34087284794dbe0aad895670634, type: 2}
      propertyPath: m_Name
      value: EndWall (2)
      objectReference: {fileID: 0}
    - target: {fileID: 4196278371253528, guid: a53fe34087284794dbe0aad895670634, type: 2}
      propertyPath: m_LocalEulerAnglesHint.y
      value: 90
      objectReference: {fileID: 0}
    m_RemovedComponents: []
  m_SourcePrefab: {fileID: 100100000, guid: a53fe34087284794dbe0aad895670634, type: 2}
  m_IsPrefabAsset: 0
--- !u!1001 &1658505444
Prefab:
  m_ObjectHideFlags: 0
  serializedVersion: 2
  m_Modification:
    m_TransformParent: {fileID: 827835520}
    m_Modifications:
    - target: {fileID: 4022412610534352, guid: d40e6ae8e2813774882bcaf23d9a9cd6, type: 2}
      propertyPath: m_LocalPosition.x
      value: -5
      objectReference: {fileID: 0}
    - target: {fileID: 4022412610534352, guid: d40e6ae8e2813774882bcaf23d9a9cd6, type: 2}
      propertyPath: m_LocalPosition.y
      value: 2.5
      objectReference: {fileID: 0}
    - target: {fileID: 4022412610534352, guid: d40e6ae8e2813774882bcaf23d9a9cd6, type: 2}
      propertyPath: m_LocalPosition.z
      value: 0
      objectReference: {fileID: 0}
    - target: {fileID: 4022412610534352, guid: d40e6ae8e2813774882bcaf23d9a9cd6, type: 2}
      propertyPath: m_LocalRotation.x
      value: -0
      objectReference: {fileID: 0}
    - target: {fileID: 4022412610534352, guid: d40e6ae8e2813774882bcaf23d9a9cd6, type: 2}
      propertyPath: m_LocalRotation.y
      value: 1
      objectReference: {fileID: 0}
    - target: {fileID: 4022412610534352, guid: d40e6ae8e2813774882bcaf23d9a9cd6, type: 2}
      propertyPath: m_LocalRotation.z
      value: -0
      objectReference: {fileID: 0}
    - target: {fileID: 4022412610534352, guid: d40e6ae8e2813774882bcaf23d9a9cd6, type: 2}
      propertyPath: m_LocalRotation.w
      value: 0
      objectReference: {fileID: 0}
    - target: {fileID: 4022412610534352, guid: d40e6ae8e2813774882bcaf23d9a9cd6, type: 2}
      propertyPath: m_RootOrder
      value: 4
      objectReference: {fileID: 0}
    - target: {fileID: 1228098452509708, guid: d40e6ae8e2813774882bcaf23d9a9cd6, type: 2}
      propertyPath: m_Name
      value: Stairs
      objectReference: {fileID: 0}
    - target: {fileID: 4022412610534352, guid: d40e6ae8e2813774882bcaf23d9a9cd6, type: 2}
      propertyPath: m_LocalEulerAnglesHint.y
      value: 180
      objectReference: {fileID: 0}
    - target: {fileID: 1228098452509708, guid: d40e6ae8e2813774882bcaf23d9a9cd6, type: 2}
      propertyPath: m_StaticEditorFlags
      value: 4294967295
      objectReference: {fileID: 0}
    m_RemovedComponents: []
  m_SourcePrefab: {fileID: 100100000, guid: d40e6ae8e2813774882bcaf23d9a9cd6, type: 2}
  m_IsPrefabAsset: 0
--- !u!4 &1658505445 stripped
Transform:
  m_CorrespondingSourceObject: {fileID: 4022412610534352, guid: d40e6ae8e2813774882bcaf23d9a9cd6,
    type: 2}
  m_PrefabInternal: {fileID: 1658505444}
--- !u!4 &1662594358 stripped
Transform:
  m_CorrespondingSourceObject: {fileID: 4196278371253528, guid: a53fe34087284794dbe0aad895670634,
    type: 2}
  m_PrefabInternal: {fileID: 772925837}
--- !u!1 &1672053430 stripped
GameObject:
  m_CorrespondingSourceObject: {fileID: 1343226056958070, guid: a53fe34087284794dbe0aad895670634,
    type: 2}
  m_PrefabInternal: {fileID: 772925837}
--- !u!64 &1672053434
MeshCollider:
  m_ObjectHideFlags: 0
  m_CorrespondingSourceObject: {fileID: 0}
  m_PrefabInternal: {fileID: 0}
  m_GameObject: {fileID: 1672053430}
  m_Material: {fileID: 0}
  m_IsTrigger: 0
  m_Enabled: 1
  serializedVersion: 3
  m_Convex: 0
  m_CookingOptions: 14
  m_SkinWidth: 0.01
  m_Mesh: {fileID: 4300000, guid: 18f35b9d268a5e2418ed0f7628c2d86d, type: 3}
--- !u!1001 &1788684500
Prefab:
  m_ObjectHideFlags: 0
  serializedVersion: 2
  m_Modification:
    m_TransformParent: {fileID: 827835520}
    m_Modifications:
    - target: {fileID: 4291444456802584, guid: 21617474d5ac06548b6020406dbe6e6b, type: 2}
      propertyPath: m_LocalPosition.x
      value: 3.5
      objectReference: {fileID: 0}
    - target: {fileID: 4291444456802584, guid: 21617474d5ac06548b6020406dbe6e6b, type: 2}
      propertyPath: m_LocalPosition.y
      value: 0.5
      objectReference: {fileID: 0}
    - target: {fileID: 4291444456802584, guid: 21617474d5ac06548b6020406dbe6e6b, type: 2}
      propertyPath: m_LocalPosition.z
      value: 3.5
      objectReference: {fileID: 0}
    - target: {fileID: 4291444456802584, guid: 21617474d5ac06548b6020406dbe6e6b, type: 2}
      propertyPath: m_LocalRotation.x
      value: 0
      objectReference: {fileID: 0}
    - target: {fileID: 4291444456802584, guid: 21617474d5ac06548b6020406dbe6e6b, type: 2}
      propertyPath: m_LocalRotation.y
      value: 0.7071068
      objectReference: {fileID: 0}
    - target: {fileID: 4291444456802584, guid: 21617474d5ac06548b6020406dbe6e6b, type: 2}
      propertyPath: m_LocalRotation.z
      value: -0
      objectReference: {fileID: 0}
    - target: {fileID: 4291444456802584, guid: 21617474d5ac06548b6020406dbe6e6b, type: 2}
      propertyPath: m_LocalRotation.w
      value: -0.7071068
      objectReference: {fileID: 0}
    - target: {fileID: 4291444456802584, guid: 21617474d5ac06548b6020406dbe6e6b, type: 2}
      propertyPath: m_RootOrder
      value: 7
      objectReference: {fileID: 0}
    - target: {fileID: 1179116361292224, guid: 21617474d5ac06548b6020406dbe6e6b, type: 2}
      propertyPath: m_Name
      value: CornerWall
      objectReference: {fileID: 0}
    - target: {fileID: 4291444456802584, guid: 21617474d5ac06548b6020406dbe6e6b, type: 2}
      propertyPath: m_LocalEulerAnglesHint.y
      value: 270
      objectReference: {fileID: 0}
    - target: {fileID: 1029230104914618, guid: 21617474d5ac06548b6020406dbe6e6b, type: 2}
      propertyPath: m_StaticEditorFlags
      value: 4294967295
      objectReference: {fileID: 0}
    - target: {fileID: 1871581653272458, guid: 21617474d5ac06548b6020406dbe6e6b, type: 2}
      propertyPath: m_StaticEditorFlags
      value: 4294967295
      objectReference: {fileID: 0}
    - target: {fileID: 1179116361292224, guid: 21617474d5ac06548b6020406dbe6e6b, type: 2}
      propertyPath: m_StaticEditorFlags
      value: 4294967295
      objectReference: {fileID: 0}
    - target: {fileID: 1670752068961550, guid: 21617474d5ac06548b6020406dbe6e6b, type: 2}
      propertyPath: m_StaticEditorFlags
      value: 4294967295
      objectReference: {fileID: 0}
    - target: {fileID: 1138520995389850, guid: 21617474d5ac06548b6020406dbe6e6b, type: 2}
      propertyPath: m_StaticEditorFlags
      value: 4294967295
      objectReference: {fileID: 0}
    m_RemovedComponents: []
  m_SourcePrefab: {fileID: 100100000, guid: 21617474d5ac06548b6020406dbe6e6b, type: 2}
  m_IsPrefabAsset: 0
--- !u!4 &1788684501 stripped
Transform:
  m_CorrespondingSourceObject: {fileID: 4291444456802584, guid: 21617474d5ac06548b6020406dbe6e6b,
    type: 2}
  m_PrefabInternal: {fileID: 1788684500}
--- !u!1001 &1944031002
Prefab:
  m_ObjectHideFlags: 0
  serializedVersion: 2
  m_Modification:
    m_TransformParent: {fileID: 827835520}
    m_Modifications:
    - target: {fileID: 4291444456802584, guid: 21617474d5ac06548b6020406dbe6e6b, type: 2}
      propertyPath: m_LocalPosition.x
      value: -3.5
      objectReference: {fileID: 0}
    - target: {fileID: 4291444456802584, guid: 21617474d5ac06548b6020406dbe6e6b, type: 2}
      propertyPath: m_LocalPosition.y
      value: 0.5
      objectReference: {fileID: 0}
    - target: {fileID: 4291444456802584, guid: 21617474d5ac06548b6020406dbe6e6b, type: 2}
      propertyPath: m_LocalPosition.z
      value: 3.5
      objectReference: {fileID: 0}
    - target: {fileID: 4291444456802584, guid: 21617474d5ac06548b6020406dbe6e6b, type: 2}
      propertyPath: m_LocalRotation.x
      value: -0
      objectReference: {fileID: 0}
    - target: {fileID: 4291444456802584, guid: 21617474d5ac06548b6020406dbe6e6b, type: 2}
      propertyPath: m_LocalRotation.y
      value: 1
      objectReference: {fileID: 0}
    - target: {fileID: 4291444456802584, guid: 21617474d5ac06548b6020406dbe6e6b, type: 2}
      propertyPath: m_LocalRotation.z
      value: -0
      objectReference: {fileID: 0}
    - target: {fileID: 4291444456802584, guid: 21617474d5ac06548b6020406dbe6e6b, type: 2}
      propertyPath: m_LocalRotation.w
      value: 0.0000015199182
      objectReference: {fileID: 0}
    - target: {fileID: 4291444456802584, guid: 21617474d5ac06548b6020406dbe6e6b, type: 2}
      propertyPath: m_RootOrder
      value: 6
      objectReference: {fileID: 0}
    - target: {fileID: 1179116361292224, guid: 21617474d5ac06548b6020406dbe6e6b, type: 2}
      propertyPath: m_Name
      value: CornerWall
      objectReference: {fileID: 0}
    - target: {fileID: 4291444456802584, guid: 21617474d5ac06548b6020406dbe6e6b, type: 2}
      propertyPath: m_LocalEulerAnglesHint.y
      value: 180.00002
      objectReference: {fileID: 0}
    - target: {fileID: 1029230104914618, guid: 21617474d5ac06548b6020406dbe6e6b, type: 2}
      propertyPath: m_StaticEditorFlags
      value: 4294967295
      objectReference: {fileID: 0}
    - target: {fileID: 1138520995389850, guid: 21617474d5ac06548b6020406dbe6e6b, type: 2}
      propertyPath: m_StaticEditorFlags
      value: 4294967295
      objectReference: {fileID: 0}
    - target: {fileID: 1670752068961550, guid: 21617474d5ac06548b6020406dbe6e6b, type: 2}
      propertyPath: m_StaticEditorFlags
      value: 4294967295
      objectReference: {fileID: 0}
    - target: {fileID: 1179116361292224, guid: 21617474d5ac06548b6020406dbe6e6b, type: 2}
      propertyPath: m_StaticEditorFlags
      value: 4294967295
      objectReference: {fileID: 0}
    - target: {fileID: 1871581653272458, guid: 21617474d5ac06548b6020406dbe6e6b, type: 2}
      propertyPath: m_StaticEditorFlags
      value: 4294967295
      objectReference: {fileID: 0}
    m_RemovedComponents: []
  m_SourcePrefab: {fileID: 100100000, guid: 21617474d5ac06548b6020406dbe6e6b, type: 2}
  m_IsPrefabAsset: 0
--- !u!4 &1944031003 stripped
Transform:
  m_CorrespondingSourceObject: {fileID: 4291444456802584, guid: 21617474d5ac06548b6020406dbe6e6b,
    type: 2}
  m_PrefabInternal: {fileID: 1944031002}
--- !u!1001 &1954320798
Prefab:
  m_ObjectHideFlags: 0
  serializedVersion: 2
  m_Modification:
    m_TransformParent: {fileID: 827835520}
    m_Modifications:
    - target: {fileID: 4291444456802584, guid: 21617474d5ac06548b6020406dbe6e6b, type: 2}
      propertyPath: m_LocalPosition.x
      value: 3.5
      objectReference: {fileID: 0}
    - target: {fileID: 4291444456802584, guid: 21617474d5ac06548b6020406dbe6e6b, type: 2}
      propertyPath: m_LocalPosition.y
      value: 0.5
      objectReference: {fileID: 0}
    - target: {fileID: 4291444456802584, guid: 21617474d5ac06548b6020406dbe6e6b, type: 2}
      propertyPath: m_LocalPosition.z
      value: -3.5
      objectReference: {fileID: 0}
    - target: {fileID: 4291444456802584, guid: 21617474d5ac06548b6020406dbe6e6b, type: 2}
      propertyPath: m_LocalRotation.x
      value: 0
      objectReference: {fileID: 0}
    - target: {fileID: 4291444456802584, guid: 21617474d5ac06548b6020406dbe6e6b, type: 2}
      propertyPath: m_LocalRotation.y
      value: 0
      objectReference: {fileID: 0}
    - target: {fileID: 4291444456802584, guid: 21617474d5ac06548b6020406dbe6e6b, type: 2}
      propertyPath: m_LocalRotation.z
      value: 0
      objectReference: {fileID: 0}
    - target: {fileID: 4291444456802584, guid: 21617474d5ac06548b6020406dbe6e6b, type: 2}
      propertyPath: m_LocalRotation.w
      value: 1
      objectReference: {fileID: 0}
    - target: {fileID: 4291444456802584, guid: 21617474d5ac06548b6020406dbe6e6b, type: 2}
      propertyPath: m_RootOrder
      value: 8
      objectReference: {fileID: 0}
    - target: {fileID: 1179116361292224, guid: 21617474d5ac06548b6020406dbe6e6b, type: 2}
      propertyPath: m_Name
      value: CornerWall
      objectReference: {fileID: 0}
    - target: {fileID: 4291444456802584, guid: 21617474d5ac06548b6020406dbe6e6b, type: 2}
      propertyPath: m_LocalEulerAnglesHint.y
      value: 0
      objectReference: {fileID: 0}
    - target: {fileID: 4291444456802584, guid: 21617474d5ac06548b6020406dbe6e6b, type: 2}
      propertyPath: m_LocalScale.x
      value: 1.0000005
      objectReference: {fileID: 0}
    - target: {fileID: 4291444456802584, guid: 21617474d5ac06548b6020406dbe6e6b, type: 2}
      propertyPath: m_LocalScale.z
      value: 1.0000005
      objectReference: {fileID: 0}
    - target: {fileID: 1029230104914618, guid: 21617474d5ac06548b6020406dbe6e6b, type: 2}
      propertyPath: m_StaticEditorFlags
      value: 4294967295
      objectReference: {fileID: 0}
    - target: {fileID: 1670752068961550, guid: 21617474d5ac06548b6020406dbe6e6b, type: 2}
      propertyPath: m_StaticEditorFlags
      value: 4294967295
      objectReference: {fileID: 0}
    - target: {fileID: 1138520995389850, guid: 21617474d5ac06548b6020406dbe6e6b, type: 2}
      propertyPath: m_StaticEditorFlags
      value: 4294967295
      objectReference: {fileID: 0}
    - target: {fileID: 1871581653272458, guid: 21617474d5ac06548b6020406dbe6e6b, type: 2}
      propertyPath: m_StaticEditorFlags
      value: 4294967295
      objectReference: {fileID: 0}
    - target: {fileID: 1179116361292224, guid: 21617474d5ac06548b6020406dbe6e6b, type: 2}
      propertyPath: m_StaticEditorFlags
      value: 4294967295
      objectReference: {fileID: 0}
    m_RemovedComponents: []
  m_SourcePrefab: {fileID: 100100000, guid: 21617474d5ac06548b6020406dbe6e6b, type: 2}
  m_IsPrefabAsset: 0
--- !u!4 &1954320799 stripped
Transform:
  m_CorrespondingSourceObject: {fileID: 4291444456802584, guid: 21617474d5ac06548b6020406dbe6e6b,
    type: 2}
  m_PrefabInternal: {fileID: 1954320798}
--- !u!1001 &2058474939
Prefab:
  m_ObjectHideFlags: 0
  serializedVersion: 2
  m_Modification:
    m_TransformParent: {fileID: 0}
    m_Modifications:
    - target: {fileID: 4797980565575716, guid: 6fcc382533eeddd4cb59b9e20acca545, type: 2}
      propertyPath: m_LocalPosition.x
      value: 0
      objectReference: {fileID: 0}
    - target: {fileID: 4797980565575716, guid: 6fcc382533eeddd4cb59b9e20acca545, type: 2}
      propertyPath: m_LocalPosition.y
      value: 2.122
      objectReference: {fileID: 0}
    - target: {fileID: 4797980565575716, guid: 6fcc382533eeddd4cb59b9e20acca545, type: 2}
      propertyPath: m_LocalPosition.z
      value: 9.627
      objectReference: {fileID: 0}
    - target: {fileID: 4797980565575716, guid: 6fcc382533eeddd4cb59b9e20acca545, type: 2}
      propertyPath: m_LocalRotation.x
      value: 0
      objectReference: {fileID: 0}
    - target: {fileID: 4797980565575716, guid: 6fcc382533eeddd4cb59b9e20acca545, type: 2}
      propertyPath: m_LocalRotation.y
      value: 1
      objectReference: {fileID: 0}
    - target: {fileID: 4797980565575716, guid: 6fcc382533eeddd4cb59b9e20acca545, type: 2}
      propertyPath: m_LocalRotation.z
      value: 0
      objectReference: {fileID: 0}
    - target: {fileID: 4797980565575716, guid: 6fcc382533eeddd4cb59b9e20acca545, type: 2}
      propertyPath: m_LocalRotation.w
      value: 0
      objectReference: {fileID: 0}
    - target: {fileID: 4797980565575716, guid: 6fcc382533eeddd4cb59b9e20acca545, type: 2}
      propertyPath: m_RootOrder
      value: 1
      objectReference: {fileID: 0}
    - target: {fileID: 4797980565575716, guid: 6fcc382533eeddd4cb59b9e20acca545, type: 2}
      propertyPath: m_LocalEulerAnglesHint.y
      value: 180
      objectReference: {fileID: 0}
    - target: {fileID: 114085833930652896, guid: 6fcc382533eeddd4cb59b9e20acca545,
        type: 2}
      propertyPath: sharedProfile
      value: 
      objectReference: {fileID: 11400000, guid: 26a62e36067ab82438ddb23da3f0b5c2,
        type: 2}
    - target: {fileID: 1736671075137480, guid: 6fcc382533eeddd4cb59b9e20acca545, type: 2}
      propertyPath: m_Layer
      value: 8
      objectReference: {fileID: 0}
    - target: {fileID: 20730426986831188, guid: 6fcc382533eeddd4cb59b9e20acca545,
        type: 2}
      propertyPath: m_RenderingPath
      value: 3
      objectReference: {fileID: 0}
    - target: {fileID: 114253240848101022, guid: 6fcc382533eeddd4cb59b9e20acca545,
        type: 2}
      propertyPath: volumeLayer.m_Bits
      value: 256
      objectReference: {fileID: 0}
    m_RemovedComponents: []
  m_SourcePrefab: {fileID: 100100000, guid: 6fcc382533eeddd4cb59b9e20acca545, type: 2}
  m_IsPrefabAsset: 0
